@ARTICLE{2017arXiv171201815S,                                                   
   author = {{Silver}, D. and {Hubert}, T. and {Schrittwieser}, J. and {Antonoglou}, I. and 
    {Lai}, M. and {Guez}, A. and {Lanctot}, M. and {Sifre}, L. and              
    {Kumaran}, D. and {Graepel}, T. and {Lillicrap}, T. and {Simonyan}, K. and  
    {Hassabis}, D.},                                                            
    title = "{Mastering Chess and Shogi by Self-Play with a General Reinforcement Learning Algorithm}",
  journal = {ArXiv e-prints},                                                   
archivePrefix = "arXiv",                                                        
   eprint = {1712.01815},                                                       
 primaryClass = "cs.AI",                                                        
 keywords = {Computer Science - Artificial Intelligence, Computer Science - Machine Learning},
     year = 2017,                                                               
    month = dec,                                                                
   adsurl = {http://adsabs.harvard.edu/abs/2017arXiv171201815S},                
  adsnote = {Provided by the SAO/NASA Astrophysics Data System}                 
}
